1698 2483
656 147 751 172 TEST
781 147 943 171 PArmzs.
1415 133 1435 168 7

289 234 332 272 (b)
356 233 454 264 Illam
470 234 614 275 priorem
630 234 936 274 [proscriptionem]
952 243 1036 272 quac
1053 232 1143 262 facta
1160 236 1212 262 est
1233 233 1266 262 in
1288 242 1352 267 eos,
1378 231 1432 270 qui

412 286 504 306 arma
519 286 636 316 capere
649 279 843 316 potuerunt,
861 279 970 305 tamen
985 279 1120 304 senatus
1133 274 1300 314 suscipere
1313 273 1432 308 noluit,

411 327 453 347 ne
475 317 555 357 quid
577 318 697 353 acrius,
721 328 819 356 quam
843 327 930 346 more
948 317 1108 346 maiorum
1124 319 1353 356 comparatum
1371 319 1432 351 est,

411 357 545 399 publico
560 359 697 389 consilio
713 358 839 389 factum
857 358 979 387 vidmen
990 368 1036 387 ur.

206 419 237 450 3.
262 419 437 451 Translate
450 425 509 450 two
525 421 559 450 of
575 421 633 451 the
649 421 831 460 following,
853 420 936 449 with
949 422 1132 450 comments
1145 429 1186 449 on
1199 419 1256 449 the
1269 428 1435 458 grammar

165 460 199 491 of
214 461 272 492 the
288 462 397 492 words
412 463 446 492 in
463 463 572 493 italics
587 475 638 493 2-

291 515 337 552 (α)
361 513 388 545 O
411 524 477 545 rem
504 515 658 544 miseram
682 517 784 553 atque
807 513 983 544 acerbam!
1015 523 1122 552 neque
1148 512 1352 542 mehercules
1378 511 1434 541 hoc

412 556 549 596 indigue
564 555 645 593 fero,
663 555 754 595 quod
771 565 884 585 verear
905 565 946 585 ne
968 554 1049 594 quid
1072 555 1189 594 possit,
1208 564 1323 584 verum
1346 552 1433 593 quod

412 608 511 627 ausus
526 602 578 628 est.

290 646 333 683 (b)
359 646 445 676 Dum
476 657 607 676 necesse
644 650 714 676 erat
750 655 869 685 resque
904 645 977 685 ipsa
1013 644 1163 685 cogebat,
1203 655 1288 674 unus
1325 643 1434 674 omnia

413 691 556 727 poterat.

290 738 331 773 (c)
365 736 479 767 Vellem
494 737 627 776 quidem
645 736 751 767 liceret
765 748 771 766 :
796 736 857 766 hoc
873 735 1037 766 dixissem.

290 786 337 823 (d)
362 785 432 826 Ego
447 786 527 816 haec
539 786 650 816 onmia
662 785 912 825 Chrysogonum
927 784 1043 814 fecisse
1058 784 1143 821 dico,
1161 787 1202 815 ut
1217 783 1432 819 ementirelzcr,

412 830 452 858 ut
467 828 590 857 malum
606 828 710 857 civem
729 827 885 857 Roscium
903 826 1005 856 fuisse
1021 826 1171 866 fingeret,
1191 850 1198 856 .
1219 850 1225 856 .
1247 850 1253 856 .
1274 829 1312 856 ut
1328 826 1379 855 his
1394 825 1436 855 de

412 869 511 899 rebus
533 879 553 899 a
578 869 697 909 legatis
720 869 953 898 Amerinorum
976 868 1087 898 doceri
1111 868 1144 898 L.
1172 868 1298 899 Sullam
1317 877 1436 906 passus

413 921 477 940 'non
491 911 541 941 sic.

206 973 234 1002 4.
263 973 309 1009 (a)
334 971 535 1003 Summarise
558 971 676 1012 bricfly
700 972 759 1003 the
783 971 872 1002 chief
895 972 1008 1012 points
1032 971 1066 1002 of
1092 971 1235 1003 Cicero's
1259 971 1379 1012 spcech
1402 971 1435 1000 in

165 1012 303 1043 defence
318 1013 352 1044 of
369 1014 520 1044 Roscius.

773 1055 830 1092 Or,

209 1107 252 1146 (b)
277 1107 388 1138 Write
403 1118 423 1137 a
438 1107 524 1138 brief
539 1110 682 1138 account
697 1107 731 1137 of
747 1108 804 1137 the
821 1107 937 1138 Sullan
952 1107 1207 1147 Proscriptions.

666 1216 736 1252 RE
745 1215 939 1252 VISION.

506 1299 612 1328 TEST
634 1299 771 1328 PAPER
794 1302 842 1328 13.
897 1297 968 1334 (Ch.
998 1297 1096 1335 1-17.)

211 1371 237 1400 1.
264 1370 439 1401 Translate
453 1372 551 1407 z—(ss)
575 1370 632 1401 Ch.
654 1372 684 1407 4,
703 1370 786 1400 lines
804 1370 866 1407 1-7‚
886 1371 949 1400 His
965 1370 1006 1400 de
1023 1370 1120 1401 rebus
1137 1395 1143 1401 .
1165 1395 1171 1401 .
1193 1395 1198 1401 .
1219 1370 1412 1410 periculum.

508 1420 550 1457 (b)
574 1419 632 1450 Ch.
656 1420 703 1456 12,
722 1419 806 1449 lines
822 1421 905 1456 3-13,
925 1420 960 1450 Is
975 1430 1048 1450 curn
1066 1443 1072 1450 .
1094 1444 1100 1450 .
1121 1443 1128 1450 .
1149 1421 1336 1460 recepisset.

208 1482 236 1511 2.
264 1481 449 1518 Translate,
482 1481 566 1511 with
596 1484 779 1512 comments
812 1492 855 1512 on
892 1482 949 1511 the
985 1482 1194 1521 expressions
1231 1482 1366 1521 printed
1404 1482 1437 1511 in

134 1513 138 1551 Ι.
167 1523 287 1560 italics,
306 1523 414 1553 either
431 1525 476 1560 (α)
493 1533 530 1553 or
546 1523 588 1560 (b)
605 1535 655 1553 :—

292 1576 339 1612 (a)
363 1574 409 1604 Te
431 1585 562 1614 quoque
583 1585 701 1614 magno
720 1585 829 1614 opere,
856 1575 901 1605 M.
929 1575 1046 1610 Fanni,
1073 1585 1205 1614 quaeso,
1231 1578 1280 1611 ut,
1306 1575 1437 1614 qualem

417 1620 451 1645 te
477 1616 542 1646 iam
572 1619 672 1646 antea
700 1616 824 1656 populo
854 1617 1003 1646 Romano
1034 1616 1229 1656 praebuisti,
1262 1627 1331 1646 cum
1364 1616 1438 1646 huic

416 1657 517 1687 eidem
536 1658 717 1695 quaestione?
739 1657 835 1687 iadau
856 1669 1029 1696 praoesses,
1055 1659 1156 1687 talem
1179 1662 1212 1688 te
1232 1662 1267 1688 et
1289 1658 1382 1687 nohis
1404 1662 1439 1688 et

416 1699 463 1729 rei
480 1699 631 1738 publicae
648 1700 708 1729 hoc
725 1704 873 1739 tempore
890 1700 1072 1739 impertias,

293 1747 336 1786 (b)
362 1748 567 1786 Quadrirluo,
587 1759 648 1787 quo
665 1749 744 1778 haec
761 1753 855 1787 gesta
875 1753 964 1783 sunt,
989 1759 1040 1778 res
1063 1748 1104 1778 ad
1128 1748 1379 1788 Chrysogonum
1404 1748 1439 1778 in

415 1794 524 1820 castra
545 1790 583 1820 L.
607 1791 716 1820 Sullae
746 1790 931 1820 Volaterras
951 1790 1124 1825 desertum
1156 1790 1288 1820 bonitas
1309 1790 1437 1829 praedi-

415 1842 628 1861 orum—nam
650 1831 771 1861 fundos
789 1831 901 1862 decem
919 1835 954 1862 et
970 1836 1038 1862 tres
1055 1832 1201 1871 reliquit,
1221 1832 1277 1869 qni
1300 1832 1439 1862 Tim-im

162 1902 168 1918 ξ
407 1874 482 1911 fere
508 1884 614 1903 omnes
644 1878 831 1912 tangyunl—,
862 1874 960 1903 huius
987 1874 1098 1913 inopia
1123 1878 1157 1903 et
1183 1873 1329 1903 solitudo
1354 1885 1438 1903 com-

162 1919 168 1941 }
415 1918 627 1945 memoratur.

207 1977 258 2048 .3.(1
267 1977 312 2014 (α)
336 1975 420 2006 Give
442 1986 530 2006 somc
549 1980 691 2007 account
713 1976 747 2007 of
767 1977 825 2007 the
848 1977 991 2016 quae-<sio
1014 1977 1057 2017 by
1078 1977 1186 2007 which
1210 1977 1349 2006 Roscius
1373 1987 1440 2007 was

170 2020 233 2048 tue
261 2042 267 2048 .
774 2061 830 2097 Or,

212 2111 254 2148 (b)
277 2111 361 2141 Give
377 2121 396 2141 a
411 2111 529 2142 sketch
546 2111 580 2141 of
596 2112 652 2142 the
668 2112 818 2142 crimina]
835 2112 1047 2151 jurisdiction
1064 2112 1098 2142 of
1114 2112 1215 2143 Sulla.

210 2175 238 2203 4.
266 2173 422 2203 Describe
446 2173 564 2214 bricssy
588 2175 646 2204 the
668 2175 850 2215 procedure
874 2174 986 2205 before
1009 2186 1028 2205 a
1053 2174 1197 2213 quaestio
1215 2179 1376 2214 perpetua
1399 2185 1438 2205 on

170 2214 227 2245 the
242 2215 308 2255 day
324 2215 357 2245 of
373 2215 430 2245 the
448 2216 534 2246 trial.
