1779 2483
256 122 307 158 26
831 131 979 156 CICERO

219 215 241 253 7
259 232 414 268 operam
451 232 561 255 suam
592 219 834 268 pollicentur.
906 218 967 255 Ne
999 217 1148 255 diutius
1177 221 1342 262 teneam,
1379 218 1541 262 iudices,

11 281 242 366 Q
260 278 420 314 societas
439 279 573 315 coitur.

311 336 370 374 21.
400 337 500 374 Cum
535 337 614 373 iam
646 335 941 385 proscriptionis
977 335 1122 371 mentio
1157 335 1266 371 nulla
1300 335 1420 378 fieret,
1449 348 1536 372 cum

260 396 377 432 etiam
401 396 468 445 qui
499 399 614 432 antea
631 398 852 432 metuerant
869 394 1040 431 redirent
1058 407 1102 431 ac
1120 394 1198 430 iam
1207 394 1346 459 υρἳξυη,
1387 406 1429 434 os
1473 407 1543 442 ese·

162 490 215 515 aa
261 455 440 504 periculis
471 455 765 497 arbitrarentur,
788 492 796 499 ⁸
809 465 951 490 nomen
982 453 1151 490 refertur
1186 453 1228 489 in
1259 407 1415 489 tabidas
1431 407 1536 490 ‘Elisa

120 532 187 564 §.S-
262 514 404 557 Roscii,
418 504 542 555 [bona
569 505 759 568 veneunt]
775 511 943 548 hominis
982 511 1259 548 studiosissimi
1296 512 1537 557 nobilitatis;

224 582 242 618 5
261 553 441 623 ffufflwffl
472 573 519 609 fit
549 572 837 621 Chrysogonus.
891 571 983 607 Tria
1014 570 1173 619 praedia
1204 570 1265 607 vel
1297 571 1539 607 nobilissima

263 632 444 681 Capitoni
472 631 629 681 propria
656 631 880 672 traduntur,
911 641 1011 678 quae
1039 629 1153 666 hodie
1181 629 1354 679 possidet
1367 646 1375 675 3
1414 630 1455 666 in
1482 643 1539 667 re-

261 693 389 741 liquas
409 703 540 728 omnes
559 691 738 727 fortunas
757 690 830 726 iste
848 691 890 726 T.
911 688 1075 726 Roscius
1103 689 1259 725 nomine
1286 689 1539 737 Chrysogoni,

264 764 379 800 quem
405 751 454 787 ad
482 750 642 786 modum
669 750 751 798 ipse
780 749 885 791 dicit,
908 729 1099 797 imm
1128 748 1235 784 facit.
1259 732 1398 797 [Haec
1425 748 1538 791 bona,

265 810 462 858 sexagiens
481 809 564 851 HS,
582 811 767 846 emuntur
785 808 937 844 duobus
955 807 1115 843 milibus
1147 807 1391 863 nummum]
1432 807 1541 844 Haec

204 880 247 904 10
264 869 405 912 omnia,
434 868 591 910 iudices,
610 867 857 916 imprudente
874 867 918 902 L.
941 866 1049 903 Sulla
1077 866 1182 902 facta
1210 878 1292 903 esse
1320 869 1423 903 certo
1451 867 1538 903 scio.

265 929 325 964 22.
353 928 489 976 Neque
513 927 617 963 enim
641 925 784 962 mirum
807 925 823 972 (
847 937 914 961 um
938 937 981 972 eo
1011 937 1045 980 e³
1101 928 1283 995 tssffl
1302 928 1413 961 et.ea
1468 937 1541 964 uae

264 986 473 1036 praeterita
501 987 595 1021 sunt
622 988 776 1028 recreet,
785 925 1222 1033 zmssffffienmr
1250 961 1396 1020 insffa'fe
1425 956 1676 1032 prad-&W

265 1048 387 1094 paret,
432 1056 521 1080 cum
565 1045 606 1080 et
651 1043 757 1092 pacis
794 1041 1089 1078 constituendae
1135 1041 1324 1077 rationem
1368 1044 1407 1078 et
1450 1041 1542 1077 belli

267 1103 423 1152 gerendi
457 1104 692 1152 potestatem
728 1101 833 1138 solus
864 1101 1017 1144 habeat,
1057 1112 1146 1137 cum
1187 1113 1319 1137 omnes
1350 1100 1392 1136 in
1418 1113 1542 1137 unum

205 1171 246 1207 15
267 1165 451 1212 spectent,
469 1174 572 1198 unus
591 1161 721 1197 omnia
739 1161 940 1208 gubernet,
960 1172 1048 1196 cum
1074 1162 1135 1196 tot
1158 1159 1358 1207 tantisque
1376 1160 1543 1207 negotiis

268 1222 462 1258 distentus
481 1221 543 1263 sit,
562 1223 608 1256 ut
626 1220 814 1268 respirare
833 1219 951 1256 libere
970 1231 1049 1254 non
1068 1218 1225 1267 possit),
1246 1219 1278 1254 si
1297 1218 1447 1266 aliquid
1464 1231 1543 1255 non

267 1280 563 1375 animffigvertat,
594 1291 642 1315 cu
743 1290 786 1314 ra
829 1278 944 1315 ertim
999 1289 1063 1313 am
1099 1277 1216 1313 multi
1252 1278 1542 1326 occupationem

123 1369 140 1373 i
202 1340 348 1434 [erus
376 1352 397 1375 o
428 1320 490 1388 εῗέἷ·
513 1341 581 1375 ent
606 1290 838 1386 tdffi‘ssk‘usqiffi
863 1313 1117 1401 aucupefifflff,
1141 1338 1199 1379 ut,
1226 1313 1461 1385 s‘iffi‘ffi‘isslue
1479 1337 1543 1373 ille

294 1385 463 1448 espexbrl
486 1427 494 1440 ,
513 1396 663 1445 aliquid
689 1395 850 1433 huiusce
872 1395 978 1432 modi
996 1395 1089 1436 moli
1175 1407 1220 1431 ir.
1276 1396 1366 1432 Huc
1384 1396 1542 1439 accedit,

24 1482 111 1505 Q
124 1469 249 1505 74:⁸20
267 1457 385 1506 quod,
414 1467 591 1505 quamvis
620 1454 685 1491 ille
715 1454 809 1503 Q
840 1457 902 1497 Sit,
923 1457 1024 1512 Siffiut
1052 1457 1123 1519 fistr
1142 1456 1275 1490 tamen
1292 1457 1405 1491 tanta
1423 1455 1542 1491 fehci-

22 1508 91 1545 ναῖ’
102 1510 256 1570 Q
267 1520 348 1553 tate
366 1528 479 1553 nemo
496 1517 627 1564 potest
644 1525 738 1557 esse,
754 1514 795 1549 in
813 1525 956 1561 magna
973 1513 1070 1549 fami
1087 1525 1124 1549 ia
1136 1513 1205 1561 qui
1215 1513 1408 1550 neminem
1420 1526 1544 1562 neque

26 1550 202 1620 wne.
269 1587 422 1612 servum
454 1586 579 1622 neque
611 1572 795 1609 libertum
829 1572 1050 1621 improbum
1082 1571 1234 1607 habeat.
1302 1573 1361 1608 23.
1390 1573 1545 1609 Interea

269 1635 342 1670 iste
377 1634 418 1670 T.
465 1633 642 1675 Roscius,
687 1631 747 1667 vir
791 1631 975 1680 optimus,
1019 1633 1247 1679 procurator
1290 1631 1547 1680 Chrysogoni,

269 1693 466 1730 Ameriam
495 1692 612 1735 venit,
632 1691 674 1726 in
700 1690 860 1739 praedia
885 1690 1002 1726 huius
1025 1690 1187 1733 invadit,
1216 1690 1320 1727 hunc
1347 1691 1545 1734 miserum,

205 1753 397 1815 ²5QC¹³H3
432 1751 620 1816 erffltjffi
635 1749 703 1798 qui
728 1749 904 1785 nondum
922 1748 1041 1785 etiam
1068 1748 1198 1785 omnia
1226 1752 1387 1797 paterno
1415 1749 1545 1787 funeri

268 1811 328 1847 ius
349 1823 372 1847 a
390 1823 431 1846 so
448 1811 578 1852 visset,
598 1808 750 1844 nudum
767 1808 857 1844 eicit
875 1807 989 1843 domo
1009 1811 1131 1856 atque
1148 1807 1244 1844 focis
1258 1808 1396 1856 patriis
1409 1809 1546 1857 disque

268 1869 475 1919 penatibus
503 1867 764 1917 praecipitem,
784 1846 1258 1926 iudiceS,⁰e⁰}fi1rbffi‚ffie
1285 1867 1404 1916 ampli
1428 1867 1549 1904 simae
1589 1898 1596 1905 .

116 1970 132 1975 ,
268 1928 452 1978 pecuniae
567 1925 731 1963 ominus.
788 1924 865 1973 ΩΨ
883 1925 924 1961 in
945 1938 1014 1961 sua
1033 1938 1073 1962 re
1092 1925 1235 1974 fuisset
1259 1926 1544 1974 egentissimus,

30 1960 254 2039 fflqd
268 1970 378 2030 erat?
377 1989 424 2022 ut
468 1989 498 2029 t,
532 1998 602 2022 nso
619 1997 686 2021 ens
705 1985 747 2020 in
765 1984 890 2021 aliena
906 2000 913 2028 ;
942 1983 1068 2020 multa
1086 1984 1215 2033 palam
1246 1984 1406 2021 domum
1435 1998 1545 2022 suam

206 2059 251 2096 30
269 2046 481 2088 auferebat,
500 2044 614 2093 plura
632 2043 733 2080 clam
752 2043 799 2080 de
817 2042 945 2080 medio
965 2043 1199 2086 removebat,
1220 2056 1299 2079 non
1317 2056 1441 2093 pauca
1466 2045 1545 2081 suis

270 2103 514 2141 adiutoribus
549 2102 655 2150 large
690 2101 890 2150 effuseque
927 2102 1110 2144 donabat,
1148 2101 1297 2151 reliqua
1334 2103 1547 2139 constituta

270 2164 446 2199 auctione
461 2162 663 2198 vendebat.

227 2223 251 2260 9
321 2223 379 2257 24.
409 2220 523 2266 Quod
555 2219 750 2256 Amerinis
782 2231 905 2267 usque
936 2231 980 2256 eo
1010 2219 1137 2255 visum
1168 2222 1227 2256 est
1259 2219 1473 2267 indignum,
1502 2223 1550 2257 ut
