1698 2483
261 132 283 167 6
672 139 820 165 menno
837 144 844 164 :
875 139 953 163 PRO
981 139 1136 164 Roscm.

264 271 269 276 ι
302 229 334 300 313
358 227 545 264 Translate,
578 226 662 257 with
693 227 876 256 comnients
905 235 948 255 on
977 225 1035 255 the
1065 227 1188 265 syntax
1214 224 1249 255 of
1277 225 1336 256 the
1361 225 1471 256 words
1500 226 1534 256 in

262 274 309 300 ita
327 280 372 300 ics
389 282 439 299 :—

389 323 435 359 (a)
461 321 547 351 Nam
564 320 625 350 hoc
643 323 752 349 totum
776 318 819 349 ad
842 318 980 349 Roscios
1001 319 1161 358 pertinet,
1180 318 1221 349 de
1236 329 1376 358 quorum
1396 318 1535 349 audacia

512 366 584 392 tum
609 372 660 391 me
683 361 853 391 dicturum
876 360 1047 400 pollicitus
1070 370 1153 397 sum,
1172 371 1246 391 cum
1268 360 1381 391 Erucii
1398 361 1536 391 crimina

510 403 685 433 diluissem.

390 453 432 491 (b)
461 453 523 491 Qui
541 463 664 489 omnes,
677 451 766 492 quod
781 451 824 482 ad
841 462 892 481 me
902 452 1039 488 attinet,
1053 452 1162 482 vellem
1174 450 1331 488 viverent;
1354 451 1438 482 nihil
1448 452 1536 482 enim

512 495 594 525 mali
609 497 660 524 est
676 504 773 524 canes
789 504 887 533 quani
904 493 1064 533 plurimos
1080 503 1160 523 esse.

389 546 430 583 (c)
456 544 566 575 Video
579 544 682 584 igitur
698 553 812 573 causas
825 553 895 573 esse
907 542 1101 583 permultas,
1117 552 1201 582 quae
1213 542 1315 572 istum
1326 541 1532 581 impellerent.

278 636 279 640 =
305 620 334 649 4.
362 618 507 658 Explain
523 617 582 648 the
598 617 760 647 allusions
776 617 809 646 in
827 616 884 646 the
900 615 1073 656 following
1089 627 1139 646 :—

393 670 439 705 (α)
463 667 509 697 Te
525 677 637 707 pugna
653 666 836 697 Cannensis
851 668 1077 696 accusatorem
1095 668 1147 695 sat
1162 664 1284 695 bonum
1301 665 1390 695 fecit.

391 717 433 755 (b)
460 717 588 747 Multos
604 726 725 751 caesoS‚
744 726 809 745 non
825 714 868 745 ad
884 715 1147 745 Trasumennum
1164 714 1282 752 lacum,
1296 714 1354 744 sed
1369 714 1412 744 ad
1429 713 1535 745 Servi-

512 758 592 788 lium
612 757 764 787 vidimus.

594 866 700 896 TEST
723 866 860 895 PAPER
883 869 931 896 11.
986 863 1057 902 (Ch.
1084 864 1206 902 35-43.)

307 952 333 981 1.
361 949 538 980 Translate
554 950 653 985 z—(a)
676 947 735 978 Ch.
755 948 805 984 37,
825 947 908 977 lines
924 947 1030 984 ‘29-38,
1050 946 1083 977 Si
1100 947 1185 977 nihil
1202 971 1208 977 .
1230 970 1236 978 .
1256 971 1263 978 .
1283 947 1505 977 concessisse?

609 1001 652 1038 (b)
677 999 736 1072 Cha.
757 1000 909 1061 39‚71ines
927 1000 1030 1036 19:25,
1050 998 1084 1029 Si
1101 999 1185 1029 hanc
1201 1000 1231 1029 ei
1248 1010 1316 1029 rem
1340 1023 1346 1030 .
1373 1023 1379 1030 .
1405 1023 1412 1030 .
1438 1000 1534 1029 amit-

735 1046 807 1072 eret
821 1066 827 1071 .

223 1146 230 1155 Α,
304 1116 332 1145 2.
360 1114 535 1145 Translate
552 1113 609 1143 the
625 1111 807 1152 following,
821 1111 904 1141 with
917 1114 1099 1141 cornineitts
1115 1122 1157 1141 on
1173 1111 1231 1142 the
1247 1122 1413 1152 grammar
1428 1111 1462 1141 of
1479 1111 1535 1142 the

214 1160 223 1173 ·'
265 1157 372 1187 words
389 1157 422 1186 in
439 1156 548 1186 italics
563 1167 613 1185 :—

388 1212 434 1246 (α)
459 1207 693 1247 Impedimento
709 1209 770 1243 est,
789 1206 965 1246 quominus
981 1205 1022 1235 de
1038 1205 1089 1235 his
1105 1205 1203 1236 rebus
1219 1205 1312 1237 Sulla
1327 1206 1489 1236 doceatur.

388 1259 430 1296 (b)
462 1258 552 1295 Quae
576 1257 686 1296 posita
710 1259 790 1285 sunt
810 1256 844 1285 in
868 1254 1111 1294 suspicionibus
1136 1255 1189 1291 (de
1212 1254 1332 1294 quibus
1355 1256 1382 1285 si
1405 1265 1534 1293 coepero

511 1299 631 1333 (licere,
664 1296 817 1337 pluribus
856 1296 964 1326 verbis
999 1296 1039 1326 sit
1064 1296 1319 1334 disserendum),
1351 1307 1389 1327 ea
1414 1297 1534 1327 vestris

511 1340 653 1380 ingeniis
669 1340 945 1377 coniecturaeque
960 1339 1142 1368 committo.

303 1417 331 1447 3.
359 1415 504 1454 Explain
521 1412 683 1452 carefully
699 1412 785 1441 three
801 1411 836 1441 of
851 1411 910 1442 the
927 1411 1099 1451 following
1114 1413 1212 1449 z—(a)
1233 1411 1446 1442 Automedon
1462 1412 1529 1449 ille,

265 1458 305 1495 (h)
325 1467 445 1487 corona
461 1456 666 1491 leniniscata,
696 1456 735 1491 (c)
760 1453 989 1484 testimonium
1013 1453 1112 1483 alicui
1135 1453 1345 1491 denuntiare,
1372 1454 1418 1491 (d)
1442 1464 1531 1484 nian-

261 1500 390 1535 datum,
411 1501 450 1535 (e)
467 1497 588 1537 capitis
604 1495 799 1536 periculum.

301 1575 330 1604 4.
358 1571 502 1612 Explain
518 1571 576 1600 the
592 1569 751 1599 allusions
766 1569 801 1599 in
817 1568 875 1599 the
891 1568 1062 1608 following
1079 1568 1236 1605 (without
1252 1568 1467 1609 translating)
1483 1582 1532 1599 :—-

220 1622 260 1660 Js·
386 1624 432 1660 (a)
455 1620 634 1651 Africanus
656 1643 662 1649 .
688 1642 695 1650 .
720 1642 727 1649 .
751 1629 811 1649 suo
839 1619 1033 1657 cognomine
1059 1618 1209 1649 declarat
1238 1619 1374 1649 tertiam
1400 1623 1530 1659 partem

509 1661 598 1692 orbis
614 1665 779 1692 terrarum
795 1670 829 1690 se
845 1659 1022 1700 subegisse.

385 1712 428 1750 (b)
451 1711 523 1742 Ista
544 1711 618 1783 ipsg
639 1710 721 1781 legel,
740 1720 824 1750 quae
839 1709 881 1739 de
899 1710 1142 1749 proscriptione
1158 1712 1219 1746 est,
1238 1709 1309 1740 sive
1324 1709 1461 1740 Valeria
1479 1713 1532 1741 est

508 1753 578 1783 sive
613 1753 699 1781 'orne
716 1752 756 1782 ia.

588 1876 693 1905 TEST
716 1875 853 1904 PAPER
875 1878 924 1904 12.
980 1872 1051 1911 (Ch.
1077 1874 1200 1912 44-53.)

301 1953 326 1982 1.
354 1949 530 1981 Translate
544 1949 643 1986 :—(a)
666 1946 725 1978 Ch.
745 1949 795 1983 44,
815 1947 898 1977 lines
918 1948 1020 1984 10-16,
1040 1947 1166 1988 Opinor
1182 1948 1268 1978 enim
1286 1971 1293 1978 .
1317 1972 1324 1979 .
1341 1972 1348 1979 .
1369 1951 1511 1979 constat.

602 1997 645 2035 (b)
668 1996 726 2028 Ch.
747 1997 796 2033 49,
816 1996 899 2027 lines
915 1997 1020 2034 23-31,
1040 1997 1072 2028 Si
1087 1997 1147 2027 hac
1160 1997 1298 2038 indigna
1314 2021 1321 2028 .
1342 2021 1348 2028 .
1369 2021 1376 2028 .
1396 1998 1525 2038 degere.

296 2076 325 2106 2.
352 2074 538 2110 Translate,
554 2071 638 2102 with
653 2071 745 2101 short
759 2073 855 2101 notes
870 2071 981 2101 where
997 2081 1182 2111 necessary,
1196 2071 1304 2101 either
1316 2073 1361 2109 (a)
1374 2082 1411 2102 or
1422 2072 1464 2110 (b)
1480 2084 1529 2102 :—

380 2127 426 2164 (a)
451 2123 537 2162 Quid
555 2126 727 2164 praeterea
744 2123 863 2153 caelati
881 2123 1022 2162 argenti,
1042 2122 1122 2162 quid
1136 2123 1305 2163 stragulae
1319 2124 1432 2160 vestis,
1446 2123 1527 2163 quid

502 2166 667 2207 pictarum
694 2164 895 2201 tabularum,
924 2164 1007 2204 quid
1034 2165 1214 2205 signorum,
1244 2165 1325 2204 quid
1351 2166 1525 2195 marmoris

503 2207 593 2248 apud
610 2207 702 2237 illuni
719 2207 848 2247 putetis
864 2209 955 2237 esse?
