1698 2483
696 155 790 179 TEST
820 153 982 177 PAPERS.
1451 136 1472 173 5

245 242 273 272 4.
301 242 347 280 (α)
374 241 459 273 Give
478 252 498 273 a
517 242 604 273 brief
628 244 769 273 account
791 240 826 271 of
850 241 907 270 the
930 240 1061 279 history
1081 237 1115 268 of
1138 236 1330 275 municipia,
1350 235 1415 266 and
1439 234 1472 264 of

203 283 293 313 their
308 284 454 324 position
469 284 535 314 and
551 286 771 325 government
787 284 819 313 in
836 281 977 312 Cicero’s
995 281 1084 311 time.

807 334 864 371 Or,

246 386 288 423 (b)
312 387 469 418 Describe
484 387 602 428 briefly
619 388 675 418 the
698 387 957 417 circumstances
974 385 1082 415 which
1109 383 1163 414 led
1184 386 1220 414 to
1242 382 1300 413 the
1322 381 1474 421 delivcry

204 427 238 458 of
255 429 311 458 the
328 429 397 459 Pro
411 429 485 460 Sex.
506 430 629 460 Roscio.

558 525 664 554 TEST
686 524 823 553 PAPER·
846 527 874 553 9.
923 521 993 558 (Ch.
1017 521 1134 557 1826.)

248 586 274 615 l.
294 585 469 616 Translate
483 588 581 622 :—(a)
598 585 656 616 Ch.
668 585 717 620 22,
732 585 906 620 linesss-IH,
918 583 1075 613 Intellexi
1093 606 1100 612 .
1123 605 1129 612 .
1148 605 1155 612 .
1175 580 1470 621 indignamvideri.

538 635 580 673 (b)
597 634 658 666 Ch.
675 636 725 671 26,
744 635 827 664 lines
844 634 928 670 5-13,
952 633 1144 663 Noluerunt
1160 656 1166 661 .
1187 656 1193 661 .
1215 655 1222 661 .
1243 631 1324 660 litus
1340 630 1476 660 eiectis?

244 697 273 728 2.
300 696 485 734 Translate,
504 697 589 727 with
606 698 827 737 explanatory
843 701 938 726 notes
955 695 1064 725 where
1081 704 1254 733 necessary
1269 706 1319 723 :—

327 750 374 787 (a)
397 749 654 779 Atheniensium
691 759 789 788 porro
827 748 978 778 civitatis
1009 746 1290 786 sapientissimum
1324 744 1475 774 Solonem

449 790 568 821 dicunt
593 790 706 827 fuisse,
735 800 820 827 eum,
846 790 903 829 qui
929 789 1028 829 leges,
1053 788 1174 828 quibus
1198 787 1296 817 hodie
1320 790 1474 822 utuntur,

450 833 594 872 scripsit.

327 881 369 920 (b)
393 881 577 911 Anseribus
601 881 728 912 cibaria
754 880 887 921 publice
915 880 1078 915 locantur,
1104 881 1139 908 et
1162 888 1259 908 canes
1282 877 1419 907 aluntur
1443 877 1476 906 in

451 923 629 963 Capitolio,
648 926 688 953 ut
704 922 903 962 significent,
923 922 948 951 si
968 922 1056 950 fures
1074 921 1236 950 venerint.

168 712 184 785 ’ἒ

244 987 271 1017 3.
299 986 475 1017 Translate
502 997 568 1026 any
596 990 655 1016 two
681 986 715 1015 of
745 986 802 1015 the
830 985 1012 1024 following,
1038 984 1122 1014 with
1146 985 1329 1013 comments
1353 992 1395 1011 on
1419 981 1477 1012 the

153 1006 173 1077 Ξ
202 1038 368 1068 grannnar
384 1028 417 1058 of
433 1029 490 1058 the
508 1028 616 1058 words
632 1028 665 1057 in
682 1028 792 1057 italics
810 1040 859 1057 :—

328 1082 375 1118 (α)
400 1080 516 1119 Neque
532 1090 592 1120 ego
608 1080 687 1110 haec
700 1090 734 1109 eo
748 1079 889 1119 profero,
908 1088 973 1118 quo
988 1077 1188 1108 conferenda
1208 1077 1270 1106 sint
1287 1086 1360 1106 cum
1375 1076 1474 1112 hisce,

451 1122 492 1151 de
508 1121 628 1161 quibus
644 1131 732 1151 nunc
747 1121 946 1160 quaerimus.

331 1171 372 1209 (b)
398 1171 576 1211 Respirare
592 1171 683 1201 visus
699 1173 760 1206 est,
780 1170 869 1210 quod
885 1180 950 1199 non
967 1169 1052 1199 alius
1068 1169 1180 1209 potius
1196 1168 1323 1198 (liceret.

329 1221 370 1259 (c)
396 1220 438 1251 Id
474 1224 543 1250 erat
580 1220 662 1250 eerti
700 1220 902 1250 accusatoris
940 1219 1093 1254 officium,
1133 1219 1189 1258 qui
1228 1218 1315 1248 tanti
1353 1216 1478 1246 sceleris

451 1267 610 1300 argueret,
630 1262 796 1301 explicare
818 1262 929 1291 onmia
953 1261 1036 1290 vitia
1059 1265 1093 1290 et
1115 1263 1252 1299 peccata
1268 1259 1338 1295 filii,
1357 1258 1424 1297 quil
1441 1269 1478 1287 us

451 1304 605 1333 incensus
619 1314 739 1343 parens
758 1303 903 1342 poluerit
924 1303 1070 1332 animum
1088 1302 1254 1337 inducere,
1268 1304 1308 1330 ut
1323 1304 1477 1330 naturam

453 1346 557 1385 ipsam
574 1345 721 1375 vinceret.

318 1394 365 1432 (cl)
400 1395 520 1426 Nonne
536 1394 695 1425 videntur
709 1394 796 1424 hunc
811 1394 977 1423 hominem
994 1404 1033 1423 ex
1047 1403 1157 1423 rerum
1171 1396 1292 1422 natura
1303 1390 1478 1421 sustulisse

452 1440 487 1466 et
496 1437 667 1476 eripuisse,
677 1437 728 1466 cui
741 1439 878 1475 repente
890 1435 1028 1467 eaelum,
1039 1435 1275 1473 s(›lcni‚aquam
1287 1436 1478 1471 terramque

453 1478 644 1514 ademi-int,
664 1481 712 1513 nt,
732 1478 786 1516 qui
813 1488 884 1506 curn
907 1481 1053 1511 meassct,
1074 1476 1161 1505 unde
1185 1476 1255 1515 ipse
1272 1479 1371 1504 natus
1388 1479 1475 1510 esset,

455 1523 583 1549 careret
606 1520 646 1549 iis
670 1519 766 1549 rebus
790 1518 953 1555 sunnilms,
973 1528 1012 1547 cx
1036 1517 1156 1557 quibus
1179 1517 1289 1547 onmia
1312 1520 1392 1546 nata
1408 1526 1478 1546 esse

454 1562 630 1591 dirimitur?

249 1625 277 1654 4.
306 1623 448 1663 Explain
466 1624 523 1654 the
539 1623 698 1653 allusions
714 1623 747 1653 in
764 1627 824 1652 two
839 1622 874 1652 of
895 1622 953 1652 the
969 1622 1140 1661 following
1153 1633 1204 1652 :—

333 1678 378 1712 (α)
403 1676 453 1706 Ut
468 1676 571 1715 legem
591 1675 776 1705 Remmiam
794 1679 933 1714 putares
949 1673 1078 1714 aliquid
1094 1673 1204 1703 valere
1219 1675 1382 1713 oportere.

332 1725 374 1761 (b)
398 1724 518 1754 Furiae
534 1724 748 1754 domesticae.

333 1776 373 1812 (c)
397 1774 662 1804 Prudentissima
675 1774 794 1803 civitas
812 1773 1079 1809 Atheniensium,
1095 1771 1174 1802 dum
1191 1782 1228 1801 ea
1244 1781 1353 1801 rerum
1370 1771 1478 1811 potita

456 1820 518 1851 est,
538 1816 640 1846 fuisse
656 1815 814 1846 traditur.

331 1865 379 1903 (l)
404 1864 611 1905 Supplicium
628 1866 662 1895 in
678 1864 862 1904 parricidas
882 1863 1059 1904 singulare.

146 1639 201 1671 ‘iffi'

540 1969 645 1998 TEs‘r
668 1968 805 1997 PAPER
829 1971 876 1997 ιο.
934 1965 1005 2003 (Ch.
1025 1965 1147 2003 27-34.)

252 2031 279 2060 1.
306 2030 481 2061 Translate
498 2032 598 2067 z—(a)
614 2029 673 2060 Ch.
694 2030 743 2066 30,
763 2029 846 2059 lines
866 2029 968 2061 15-22,
988 2029 1108 2058 Tecum
1126 2028 1212 2058 enim
1231 2052 1237 2058 .
1259 2051 1265 2058 .
1286 2052 1291 2058 .
1313 2027 1440 2058 fuisset.

553 2079 593 2115 (b)
610 2078 669 2109 Ch.
689 2079 739 2115 34,
758 2078 842 2108 lines
861 2079 921 2115 κδ,
938 2078 1120 2107 Videamus
1137 2100 1143 2106 .
1165 2101 1172 2107 .
1192 2101 1198 2107 .
1219 2076 1284 2106 oris
1300 2077 1360 2106 tui.

246 2143 274 2172 2.
302 2141 447 2182 Explain
477 2152 543 2182 any
573 2141 659 2171 lhree
688 2141 723 2171 of
758 2141 816 2171 the
851 2141 1024 2180 following
1041 2142 1139 2176 ;Ϋ(α)
1178 2140 1212 2168 in
1248 2140 1477 2178 quaestionem

205 2184 365 2225 polliceri,
398 2184 437 2220 (b)
455 2187 608 2218 sectores,
638 2184 677 2220 (c)
702 2183 887 2213 declamare
916 2186 952 2213 et
974 2181 1202 2218 commentari,
1231 2181 1276 2217 (d)
1295 2181 1475 2220 quaesitor,

206 2229 245 2264 (e)
263 2225 410 2257 Cassiani
429 2225 564 2263 iudices,
584 2224 637 2264 (f)
654 2225 742 2255 inter
757 2225 901 2256 sicarios.
